% This file was created with JabRef 2.8.1.
% Encoding: UTF8

@ARTICLE{Castro02Scribe,
  author = {Miguel Castro and Peter Druschel and Anne-marie Kermarrec and Antony
	Rowstron},
  title = {SCRIBE: A large-scale and decentralized application-level multicast
	infrastructure},
  journal = {IEEE Journal on Selected Areas in Communications (JSAC},
  year = {2002},
  volume = {20},
  pages = {2002}
}

@TECHREPORT{RFC793,
  author = {Postel, Jon},
  title = {{Transmission Control Protocol}},
  institution = {IETF},
  year = {1981},
  type = {RFC},
  number = {793},
  month = {September},
  url = {http://tools.ietf.org/html/rfc793}
}

@ARTICLE{Wang2006Research,
  author = {Wang, Yong and Lu, Zhao and Gu, Junzhong},
  title = {Research on Symmetric NAT Traversal in P2P applications},
  journal = {Some Journal},
  year = {2006},
  pages = {59},
  address = {Washington, DC, USA},
  booktitle = {ICCGI '06: Proceedings of the International Multi-Conference on Computing
	in the Global Information Technology},
  doi = {http://dx.doi.org/10.1109/ICCGI.2006.20},
  isbn = {0-7695-2629-2},
  publisher = {IEEE Computer Society}
}

